<?xml version="1.0" encoding="UTF-8"?><collection xmlns="http://www.loc.gov/MARC21/slim"><record><leader>00558nam--2200193-i-4500</leader><controlfield tag="001">000041863</controlfield><controlfield tag="002">20161230</controlfield><controlfield tag="005">20161230201043</controlfield><controlfield tag="008">060222s1000------------r-----000-0-fre-d</controlfield><datafield ind1=" " ind2=" " tag="040"><subfield code="a">IFIN-HH</subfield></datafield><datafield ind1=" " ind2=" " tag="041"><subfield code="a">fre</subfield></datafield><datafield ind1=" " ind2=" " tag="080"><subfield code="a">534.15</subfield></datafield><datafield ind1="1" ind2=" " tag="100"><subfield code="a">Slot,G</subfield></datafield><datafield ind1="1" ind2="0" tag="245"><subfield code="a">Hi-fi du microphone a l`oreille</subfield><subfield code="b">Technique moderne de l`enregistrement et de la restitution du son</subfield><subfield code="c">G. slot</subfield></datafield><datafield ind1=" " ind2=" " tag="260"><subfield code="a">Eindhovenm, Bibliotheque Technique Philips, 1956</subfield></datafield><datafield ind1=" " ind2=" " tag="300"><subfield code="a">VIII + 179 P</subfield></datafield><datafield ind1=" " ind2=" " tag="490"><subfield code="a">Serie Vulgarisation</subfield></datafield><datafield ind1=" " ind2=" " tag="852"><subfield code="a">12337</subfield><subfield code="c">534</subfield></datafield><datafield ind1=" " ind2=" " tag="CAT"><subfield code="a">Sys</subfield><subfield code="c">20101006</subfield><subfield code="h">145433</subfield></datafield></record></collection>